@misc{dartdesignvariables2021,
  author       = {Dart Team},
  title        = {Effective Dart: Design},
  howpublished = {\url{https://dart.dev/guides/language/effective-dart/design#dont-type-annotate-initialized-local-variables}},
  year         = {2021},
  note         = {Abgerufen am 9. März 2021}
}

@misc{flutterCupertinoSlider,
  author       = {Flutter},
  title        = {{Slider-Widget im Cupertino-Design für iOS}},
  howpublished = {\url{https://flutter.dev/images/widget-catalog/cupertino-slider.png}},
  year         = {2018},
  note         = {Abgerufen am 4. März 2021}
}

@misc{flutterDesignArchitecture,
  author       = {Flutter},
  title        = {{Flutter-Design-Architektur}},
  howpublished = {\url{https://flutter.dev/docs/resources/architectural-overview}},
  year         = {2018},
  note         = {Abgerufen am 4. März 2021}
}

@misc{flutterMaterialSlider,
  author       = {Flutter},
  title        = {{Slider-Widget im Material-Design für Android}},
  howpublished = {\url{https://flutter.github.io/assets-for-api-docs/assets/material/slider.png}},
  year         = {2018},
  note         = {Abgerufen am 4. März 2021}
}

@misc{flutterWidgetTree,
  author       = {Flutter},
  title        = {{Widget-Tree eines beispielhaften UI-Layouts}},
  howpublished = {\url{https://flutter.dev/docs/resources/architectural-overview}},
  year         = {2018},
  note         = {Abgerufen am 4. März 2021}
}

@misc{hykes2018,
  author       = {Solomon Hykes},
  title        = {Au revoir},
  howpublished = {\url{https://www.docker.com/blog/au-revoir/}},
  year         = {2018},
  note         = {Abgerufen am 9. März 2021}
}

@misc{levin2019,
  author       = {Guy Levin},
  title        = {{4 Most Used REST API Authentication Methods}},
  howpublished = {\url{https://blog.restcase.com/4-most-used-rest-api-authentication-methods/}},
  year         = {2019},
  note         = {Abgerufen am 2. März 2021}
}

@misc{nadafkhanrathod2020,
  author       = {Rahiman Nadaf, Mohammad Afzal Khan, Ketankumar Rathod},
  title        = {Angular vs. React vs. Vue},
  howpublished = {\url{https://www.jadeglobal.com/blog/angular-vs-react-vs-vue}},
  year         = {2020},
  note         = {Abgerufen am 9. März 2021}
}

@misc{nfriedly2021,
  author       = {nfriedly},
  title        = {Express Rate Limit},
  howpublished = {\url{https://www.npmjs.com/package/express-rate-limit}},
  year         = {2021},
  note         = {Abgerufen am 8. März 2021}
}

@misc{springer2013,
  author       = {Sebastian Springer},
  title        = {Node.js: Das JavaScript-Framework im Überblick},
  howpublished = {\url{https://t3n.de/magazin/serverseitige-javascript-entwicklung-nodejs-einsatz-231152/}},
  year         = {2013},
  note         = {Abgerufen am 9. März 2021}
}

@misc{stoeckli2017,
  author       = {Martin Stoeckli},
  title        = {What are Salt Rounds and how are Salts stored in Bcrypt?},
  howpublished = {\url{https://stackoverflow.com/a/46713082/6663020}},
  year         = {2017},
  note         = {Abgerufen am 9. März 2019},
}